[gd_scene load_steps=5 format=2]

[ext_resource path="res://Player.tscn" type="PackedScene" id=1]
[ext_resource path="res://Card.tscn" type="PackedScene" id=2]
[ext_resource path="res://Board.gd" type="Script" id=3]
[ext_resource path="res://MyButton.tscn" type="PackedScene" id=4]

[node name="Board" type="Node2D"]
script = ExtResource( 3 )

[node name="Player1" parent="." instance=ExtResource( 1 )]
position = Vector2( 199, 151 )
MyColor = Color( 0.0313726, 0, 1, 1 )

[node name="Player2" parent="." instance=ExtResource( 1 )]
position = Vector2( 199, 346 )
MyColor = Color( 0.407843, 0, 1, 1 )

[node name="Player3" parent="." instance=ExtResource( 1 )]
position = Vector2( 198, 545 )
MyColor = Color( 0.85098, 0, 1, 1 )

[node name="Card1" parent="." instance=ExtResource( 2 )]
position = Vector2( 493, 114 )

[node name="Card2" parent="." instance=ExtResource( 2 )]
position = Vector2( 737, 126 )

[node name="Card3" parent="." instance=ExtResource( 2 )]
position = Vector2( 958, 123 )

[node name="Card4" parent="." instance=ExtResource( 2 )]
position = Vector2( 513, 346 )

[node name="Card5" parent="." instance=ExtResource( 2 )]
position = Vector2( 726, 350 )

[node name="Card6" parent="." instance=ExtResource( 2 )]
position = Vector2( 971, 351 )

[node name="Card7" parent="." instance=ExtResource( 2 )]
position = Vector2( 525, 559 )

[node name="Card8" parent="." instance=ExtResource( 2 )]
position = Vector2( 736, 569 )

[node name="Card9" parent="." instance=ExtResource( 2 )]
position = Vector2( 988, 577 )

[node name="Button1" parent="." instance=ExtResource( 4 )]
margin_left = 1100.0
margin_top = 70.0
margin_right = 1258.0
margin_bottom = 133.0

[node name="Button2" parent="." instance=ExtResource( 4 )]
margin_left = 1107.0
margin_top = 166.0
margin_right = 1265.0
margin_bottom = 229.0

[node name="Button3" parent="." instance=ExtResource( 4 )]
margin_left = 1107.0
margin_top = 280.0
margin_right = 1265.0
margin_bottom = 343.0

[connection signal="my_clicked" from="Player1" to="." method="_on_player_clicked"]
[connection signal="my_clicked" from="Player2" to="." method="_on_player_clicked"]
[connection signal="my_clicked" from="Player3" to="." method="_on_player_clicked"]
[connection signal="my_clicked" from="Card1" to="." method="_on_card_clicked"]
[connection signal="my_clicked" from="Card2" to="." method="_on_card_clicked"]
[connection signal="my_clicked" from="Card3" to="." method="_on_card_clicked"]
[connection signal="my_clicked" from="Card4" to="." method="_on_card_clicked"]
[connection signal="my_clicked" from="Card5" to="." method="_on_card_clicked"]
[connection signal="my_clicked" from="Card6" to="." method="_on_card_clicked"]
[connection signal="my_clicked" from="Card7" to="." method="_on_card_clicked"]
[connection signal="my_clicked" from="Card8" to="." method="_on_card_clicked"]
[connection signal="my_clicked" from="Card9" to="." method="_on_card_clicked"]
